<record><leader>00000cas a22000007a 4500</leader><controlfield tag="001">18286968</controlfield><controlfield tag="008">880729d19uu1909nyuwr ne      0    0eng d</controlfield><datafield ind1=" " ind2=" " tag="010"><subfield code="a">sn 88074651 </subfield></datafield><datafield ind1=" " ind2=" " tag="040"><subfield code="a">NYS</subfield><subfield code="b">eng</subfield><subfield code="c">NYS</subfield><subfield code="d">OCLCQ</subfield></datafield><datafield ind1=" " ind2=" " tag="042"><subfield code="a">msc</subfield></datafield><datafield ind1="0" ind2=" " tag="130"><subfield code="a">Facts (Attica, N.Y.)</subfield></datafield><datafield ind1="1" ind2="0" tag="245"><subfield code="a">Facts.</subfield></datafield><datafield ind1=" " ind2=" " tag="260"><subfield code="a">Attica, N.Y. :</subfield><subfield code="b">Frank Norris,</subfield><subfield code="c">-1909.</subfield></datafield><datafield ind1=" " ind2=" " tag="300"><subfield code="a">v.</subfield></datafield><datafield ind1=" " ind2=" " tag="310"><subfield code="a">Weekly</subfield></datafield><datafield ind1="0" ind2=" " tag="362"><subfield code="a">-v. 15, no. 37 (June 10, 1909).</subfield></datafield><datafield ind1=" " ind2=" " tag="588"><subfield code="a">Description based on: Vol. 15, no. 37 (June 10, 1909).</subfield></datafield><datafield ind1=" " ind2="4" tag="651"><subfield code="a">Attica (N.Y.)</subfield><subfield code="v">Newspapers.</subfield></datafield><datafield ind1=" " ind2=" " tag="752"><subfield code="a">United States</subfield><subfield code="b">New York</subfield><subfield code="c">Wyoming</subfield><subfield code="d">Attica.</subfield></datafield><datafield ind1="0" ind2="0" tag="780"><subfield code="t">Wyoming County advocate</subfield><subfield code="w">(DLC)sn 88074251</subfield></datafield></record>